% This file was created with JabRef 2.10.
% Encoding: UTF8


@Article{libsvm,
  Title                    = {{LIBSVM}: A library for support vector machines},
  Author                   = {Chang, Chih-Chung and Lin, Chih-Jen},
  Journal                  = {ACM Transactions on Intelligent Systems and Technology},
  Year                     = {2011},
  Note                     = {Software available at \url{http://www.csie.ntu.edu.tw/~cjlin/libsvm}},
  Pages                    = {27:1--27:27},
  Volume                   = {2},

  Issue                    = {3}
}

@Article{hadoop,
  Title                    = {MapReduce: Simplified Data Processing on Large Clusters},
  Author                   = {Dean, Jeffrey and Ghemawat, Sanjay},
  Journal                  = {Commun. ACM},
  Year                     = {2008},

  Month                    = jan,
  Number                   = {1},
  Pages                    = {107--113},
  Volume                   = {51},

  Acmid                    = {1327492},
  Address                  = {New York, NY, USA},
  Doi                      = {10.1145/1327452.1327492},
  ISSN                     = {0001-0782},
  Issue_date               = {January 2008},
  Numpages                 = {7},
  Publisher                = {ACM},
  Url                      = {http://doi.acm.org/10.1145/1327452.1327492}
}

@TechReport{mpi,
  Title                    = {MPI: A Message-Passing Interface Standard},
  Author                   = {Forum, Message P},
  Year                     = {1994},

  Address                  = {Knoxville, TN, USA},

  Publisher                = {University of Tennessee},
  Source                   = {http://www.ncstrl.org:8900/ncstrl/servlet/search?formname=detail\&id=oai%3Ancstrlh%3Autk_cs%3Ancstrl.utk_cs%2F%2FUT-CS-94-230}
}

@Book{Han2011,
  Title                    = {Data Mining Concepts and Techniques},
  Author                   = {Han, J. and Kamber, M. and Pei, J.},
  Publisher                = {Morgan Kaufmann},
  Year                     = {2011},

  Owner                    = {p.glock},
  Timestamp                = {2014.10.07}
}

@Misc{scipy,
  Title                    = {{SciPy}: Open source scientific tools for {Python}},

  Author                   = {Eric Jones and Travis Oliphant and Pearu Peterson and others},
  Note                     = {[Online; accessed 2015-01-13]},
  Year                     = {2001--},

  Url                      = {http://www.scipy.org/}
}

@Article{ipython,
  Title                    = {{IP}ython: a System for Interactive Scientific Computing},
  Author                   = {P\'erez, Fernando and Granger, Brian E.},
  Journal                  = {Computing in Science and Engineering},
  Year                     = {2007},

  Month                    = may,
  Number                   = {3},
  Pages                    = {21--29},
  Volume                   = {9},

  Doi                      = {10.1109/MCSE.2007.53},
  ISSN                     = {1521-9615},
  Publisher                = {IEEE Computer Society},
  Url                      = {http://ipython.org}
}

@Article{scikit-learn,
  Title                    = {Scikit-learn: Machine Learning in {P}ython},
  Author                   = {Pedregosa, F. and Varoquaux, G. and Gramfort, A. and Michel, V. and Thirion, B. and Grisel, O. and Blondel, M. and Prettenhofer, P. and Weiss, R. and Dubourg, V. and Vanderplas, J. and Passos, A. and Cournapeau, D. and Brucher, M. and Perrot, M. and Duchesnay, E.},
  Journal                  = {Journal of Machine Learning Research},
  Year                     = {2011},
  Pages                    = {2825--2830},
  Volume                   = {12}
}

@Standard{Rahimi,
  Title                    = {Random Features for Large-Scale Kernel Machines},
  Author                   = {Rahimi, A. and Recht, B.},
  HowPublished             = {\url{http://www.eecs.berkeley.edu/~brecht/papers/07.rah.rec.nips.pdf}},

  Owner                    = {p.glock},
  Timestamp                = {2014.12.03}
}

@Book{DMLecture,
  Title                    = {Mining of Massive Datasets},
  Author                   = {Rajaraman, Anand and Ullman, Jeffrey David},
  Publisher                = {Cambridge University Press},
  Year                     = {2011},

  Address                  = {New York, NY, USA},

  ISBN                     = {1107015359, 9781107015357}
}

@InProceedings{hdfs,
  Title                    = {The Hadoop Distributed File System},
  Author                   = {Shvachko, Konstantin and Kuang, Hairong and Radia, Sanjay and Chansler, Robert},
  Booktitle                = {Proceedings of the 2010 IEEE 26th Symposium on Mass Storage Systems and Technologies (MSST)},
  Year                     = {2010},

  Address                  = {Washington, DC, USA},
  Pages                    = {1--10},
  Publisher                = {IEEE Computer Society},
  Series                   = {MSST '10},

  Acmid                    = {1914427},
  Doi                      = {10.1109/MSST.2010.5496972},
  ISBN                     = {978-1-4244-7152-2},
  Numpages                 = {10},
  Url                      = {http://dx.doi.org/10.1109/MSST.2010.5496972}
}

@Misc{numpy,
  Title                    = {The NumPy Array: A Structure for Efficient Numerical Computation},

  Author                   = {Stefan van der Walt and S. Chris Colbert and Gael Varoquaux},
  HowPublished             = {Computing in Science \& Engineering 13, 22-30},
  Year                     = {2011},

  Owner                    = {p.glock},
  Timestamp                = {2015.01.13},
  Url                      = {http://www.numpy.org/}
}

@InProceedings{Williams01usingthe,
  Title                    = {Using the Nystr\"{o}m Method to Speed Up Kernel Machines},
  Author                   = {Christopher Williams and Matthias Seeger},
  Booktitle                = {Advances in Neural Information Processing Systems 13},
  Year                     = {2001},
  Pages                    = {682--688},
  Publisher                = {MIT Press}
}

@InCollection{NIPS2012_4588,
  Title                    = {Nystr\"{o}m Method vs Random Fourier Features: A Theoretical and Empirical Comparison},
  Author                   = {Yang, Tianbao and Li, Yu-feng and Mahdavi, Mehrdad and Jin, Rong and Zhou, Zhi-Hua},
  Booktitle                = {Advances in Neural Information Processing Systems 25},
  Publisher                = {Curran Associates, Inc.},
  Year                     = {2012},
  Editor                   = {F. Pereira and C.J.C. Burges and L. Bottou and K.Q. Weinberger},
  Pages                    = {476--484},

  Url                      = {http://papers.nips.cc/paper/4588-nystrom-method-vs-random-fourier-features-a-theoretical-and-empirical-comparison.pdf}
}

@Misc{hbp,
  HowPublished             = {\url{https://www.humanbrainproject.eu/de/home}},

  Owner                    = {Philipp},
  Timestamp                = {2015.01.14}
}

@Misc{ipython_doc,
  HowPublished             = {\url{http://ipython.org/documentation.html}},
  Note                     = {[PLACEHOLDEROnline; accessed 20-January-2015]},

  Owner                    = {p.glock},
  Timestamp                = {2014.10.06}
}

@Misc{jsc,
  HowPublished             = {\url{http://www.fz-juelich.de/ias/jsc/EN/Expertise/Supercomputers/supercomputers_node.html}},

  Owner                    = {p.glock},
  Timestamp                = {2014.12.10}
}

